@ARTICLE{HNR72,
	AUTHOR = {Hart, P.E. and Nilsson, N.J. and Raphael, B.},
	TITLE = {Correction to ``A Formal Basis for the Heuristic
			 Determination of Minimum Cost Paths''},
	JOURNAL = {SIGART Newsletter 37},
	YEAR = {1972},	PAGES = {28-29}}

@BOOK (RN93,
	AUTHOR = {Russell, S. and Norvig, P.},
	TITLE = {Artificial Intelligence: A Modern Approach},
    PUBLISHER = {Prentice-Hall, Englewood Cliffs, NJ},
    YEAR = {1993},
    EDITION = {2nd} )

@BOOK (CLRS09,
	AUTHOR = {Cormen, T. and Leiserson, C. and Rivest, R and Stein, C.},
	TITLE = {Introduction to Algorithms},
    PUBLISHER = {The MIT Press},
    YEAR = {2009},
    EDITION = {3rd} )

@BOOK (MF09,
	AUTHOR = {Millington, I. and Funge, J},
	TITLE = {Artificial Intelligence for Games},
    PUBLISHER = {Morgan Kaufmann Publishers},
    YEAR = {2009},
    EDITION = {2nd} )

@ARTICLE{TMSV03,
	author = {Teixeira, R. and Marzullo, K. and Savage, S. and Voelker, G.},
	title = {In Search of Path Diversity in ISP Networks},
	JOURNAL = {IMC},
	pages = {27-29},
	year = {2003},
	month = {October} }

@ARTICLE{CS11,
	author = {Cui, X. and Shi, H.},
	title = {Direction Oriented Pathfinding in Video Games},
	JOURNAL = {International Journal of Artificial Intelligence \& Applications},
	YEAR = {2011},
	MOTH = {October},
	VOLUME={2},
	number{4} }

@MISC{Hai01,
  author = {Haines, E},
  title = {{Point in Polygon Strategies}},
  howpublished = "\url{http://http://erich.realtimerendering.com/ptinpoly/}",
  year = {2001}, 
  note = "[Online; accedida 26-Noviembre-2011]"
}

@BOOK (GP10,
	AUTHOR = {Gendreau, M. and Potvin, J.},
	TITLE = {Handbook of Metaheuristics},
    PUBLISHER = {International Series in Operations Research \& Management Science, Springer},
    VOLUME = {146},
    YEAR = {2010},
    EDITION = {2nd} )

@ARTICLE{TMSV03,
	author = {Teixeira, R. and Marzullo, K. and Savage, S. and Voelker, G.},
	title = {In Search of Path Diversity in ISP Networks},
	JOURNAL = {IMC},
	pages = {27-29},
	year = {2003},
	month = {October} }

@ARTICLE{Sil06,
	author = {Silver, D.},
	title = {Cooperative Pathfinding},
	JOURNAL = {AI Game Programming Wisdom 3},
	PAGES = {99-111},
	YEAR = {2006}
    
}

@article{FGC12,
  title={A mbush: una Variaci{\'o}n de A para Generar Emboscadas y Diversidad de Caminos},
  author={Fern{\'a}ndez, K and Gonz{\'a}lez, G and Chang, C},
  journal={Memorias del II Simposio Cient\'ifico y Tecnol\'ogico en Ciencias de la Computaci\'on (SCTC 2012)},
  year={2012}
}

@incollection{FGC12e,
  title={A* mbush Family: A* Variations for Ambush Behavior and Path Diversity Generation},
  author={Fern{\'a}ndez, Kelwin and Gonz{\'a}lez, Glebys and Chang, Carolina},
  booktitle={Motion in Games},
  pages={314--325},
  year={2012},
  publisher={Springer}
}

@article{TCG12,
  title={Real-time density-based crowd simulation},
  author={van Toll, Wouter G and Cook, Atlas F and Geraerts, Roland},
  journal={Computer Animation and Virtual Worlds},
  volume={23},
  number={1},
  pages={59--69},
  year={2012},
  publisher={Wiley Online Library}
}

@book{Wes01,
  title={Introduction to graph theory},
  author={West, Douglas Brent and others},
  volume={2},
  chapter={3},
  year={2001},
  publisher={Prentice hall Upper Saddle River}
}

@article{WS98,
  title={Collective dynamics of ‘small-world’networks},
  author={Watts, Duncan J and Strogatz, Steven H},
  journal={nature},
  volume={393},
  number={6684},
  pages={440--442},
  year={1998},
  publisher={Nature Publishing Group}
}

@inproceedings{Kle00,
  title={The small-world phenomenon: An algorithmic perspective},
  author={Kleinberg, Jon},
  booktitle={Proceedings of the thirty-second annual ACM symposium on Theory of computing},
  pages={163--170},
  year={2000},
  organization={ACM}
}

@article{DM02,
  title={Evolution of networks},
  author={Dorogovtsev, Sergey N and Mendes, Jose FF},
  journal={Advances in physics},
  volume={51},
  number={4},
  pages={1079--1187},
  year={2002},
  publisher={Taylor \& Francis}
}
