@ARTICLE{HNR72,
	AUTHOR = {Hart, P.E. and Nilsson, N.J. and Raphael, B.},
	TITLE = {Correction to ``A Formal Basis for the Heuristic
			 Determination of Minimum Cost Paths''},
	JOURNAL = {SIGART Newsletter 37},
	YEAR = {1972},	PAGES = {28-29}}

@BOOK (RN93,
	AUTHOR = {Russell, S. and Norvig, P.},
	TITLE = {Artificial Intelligence: A Modern Approach},
    PUBLISHER = {Prentice-Hall, Englewood Cliffs, NJ},
    YEAR = {1993},
    EDITION = {2nd} )

@BOOK (CLRS09,
	AUTHOR = {Cormen, T. and Leiserson, C. and Rivest, R and Stein, C.},
	TITLE = {Introduction to Algorithms},
    PUBLISHER = {The MIT Press},
    YEAR = {2009},
    EDITION = {3rd} )

@BOOK (MF09,
	AUTHOR = {Millington, I. and Funge, J},
	TITLE = {Artificial Intelligence for Games},
    PUBLISHER = {Morgan Kaufmann Publishers},
    YEAR = {2009},
    EDITION = {2nd} )

@ARTICLE{TMSV03,
	author = {Teixeira, R. and Marzullo, K. and Savage, S. and Voelker, G.},
	title = {In Search of Path Diversity in ISP Networks},
	JOURNAL = {IMC},
	pages = {27-29},
	year = {2003},
	month = {October} }

@ARTICLE{CS11,
	author = {Cui, X. and Shi, H.},
	title = {Direction Oriented Pathfinding in Video Games},
	JOURNAL = {International Journal of Artificial Intelligence \& Applications},
	YEAR = {2011},
	MOTH = {October},
	VOLUME={2},
	number{4} }

@MISC{Hai01,
  author = {Haines, E},
  title = {{Point in Polygon Strategies}},
  howpublished = "\url{http://http://erich.realtimerendering.com/ptinpoly/}",
  year = {2001}, 
  note = "[Online; accedida 26-Noviembre-2011]"
}

@BOOK (GP10,
	AUTHOR = {Gendreau, M. and Potvin, J.},
	TITLE = {Handbook of Metaheuristics},
    PUBLISHER = {International Series in Operations Research \& Management Science, Springer},
    VOLUME = {146},
    YEAR = {2010},
    EDITION = {2nd} )

@ARTICLE{TMSV03,
	author = {Teixeira, R. and Marzullo, K. and Savage, S. and Voelker, G.},
	title = {In Search of Path Diversity in ISP Networks},
	JOURNAL = {IMC},
	pages = {27-29},
	year = {2003},
	month = {October} }

@ARTICLE{Sil06,
	author = {Silver, D.},
	title = {Cooperative Pathfinding},
	JOURNAL = {AI Game Programming Wisdom 3},
	PAGES = {99-111},
	YEAR = {2006}
    
}
